[gd_scene load_steps=5 format=2]

[sub_resource type="PlaneMesh" id=1]

custom_aabb = AABB( 0, 0, 0, 0, 0, 0 )
size = Vector2( 2, 2 )
subdivide_width = 0
subdivide_depth = 0

[sub_resource type="CubeMesh" id=2]

custom_aabb = AABB( 0, 0, 0, 0, 0, 0 )
size = Vector3( 2, 2, 2 )
subdivide_width = 0
subdivide_height = 0
subdivide_depth = 0

[sub_resource type="SpatialMaterial" id=3]

render_priority = 0
flags_transparent = false
flags_unshaded = false
flags_vertex_lighting = false
flags_no_depth_test = false
flags_use_point_size = false
flags_world_triplanar = false
flags_fixed_size = false
flags_albedo_tex_force_srgb = false
vertex_color_use_as_albedo = false
vertex_color_is_srgb = false
params_diffuse_mode = 0
params_specular_mode = 0
params_blend_mode = 0
params_cull_mode = 0
params_depth_draw_mode = 0
params_line_width = 1.0
params_point_size = 1.0
params_billboard_mode = 0
params_grow = false
params_use_alpha_scissor = false
albedo_color = Color( 1, 0.435944, 0.285156, 1 )
metallic = 0.0
metallic_specular = 0.5
metallic_texture_channel = 0
roughness = 0.0
roughness_texture_channel = 0
emission_enabled = false
normal_enabled = false
rim_enabled = false
clearcoat_enabled = false
anisotropy_enabled = false
ao_enabled = false
depth_enabled = false
subsurf_scatter_enabled = false
transmission_enabled = false
refraction_enabled = false
detail_enabled = false
uv1_scale = Vector3( 1, 1, 1 )
uv1_offset = Vector3( 0, 0, 0 )
uv1_triplanar = false
uv1_triplanar_sharpness = 1.0
uv2_scale = Vector3( 1, 1, 1 )
uv2_offset = Vector3( 0, 0, 0 )
uv2_triplanar = false
uv2_triplanar_sharpness = 1.0
proximity_fade_enable = false
distance_fade_enable = false
_sections_unfolded = [ "Albedo" ]

[sub_resource type="CylinderMesh" id=4]

custom_aabb = AABB( 0, 0, 0, 0, 0, 0 )
top_radius = 1.0
bottom_radius = 1.0
height = 2.0
radial_segments = 64
rings = 4

[node name="Radiko" type="Spatial" index="0"]

[node name="MeshInstance" type="MeshInstance" parent="." index="0"]

transform = Transform( 70.3072, 0, 0, 0, 70.3072, 0, 0, 0, 70.3072, 0, 0, 0 )
layers = 1
material_override = null
cast_shadow = 1
extra_cull_margin = 0.0
use_in_baked_light = false
lod_min_distance = 0.0
lod_min_hysteresis = 0.0
lod_max_distance = 0.0
lod_max_hysteresis = 0.0
mesh = SubResource( 1 )
skeleton = NodePath("..")
material/0 = null

[node name="MeshInstance2" type="MeshInstance" parent="." index="1"]

transform = Transform( 0.772107, 0, 0, 0, 1.66686, 0, 0, 0, 0.772107, 0, 1.30268, 0 )
layers = 1
material_override = null
cast_shadow = 1
extra_cull_margin = 0.0
use_in_baked_light = false
lod_min_distance = 0.0
lod_min_hysteresis = 0.0
lod_max_distance = 0.0
lod_max_hysteresis = 0.0
mesh = SubResource( 2 )
skeleton = NodePath("..")
material/0 = null

[node name="MeshInstance3" type="MeshInstance" parent="." index="2"]

transform = Transform( 0.772107, 0, 0, 0, 0.341025, 0, 0, 0, 0.772107, 0, 3.49971, 0 )
layers = 1
material_override = null
cast_shadow = 1
extra_cull_margin = 0.0
use_in_baked_light = false
lod_min_distance = 0.0
lod_min_hysteresis = 0.0
lod_max_distance = 0.0
lod_max_hysteresis = 0.0
mesh = SubResource( 2 )
skeleton = NodePath("..")
material/0 = SubResource( 3 )
_sections_unfolded = [ "material" ]

[node name="MeshInstance8" type="MeshInstance" parent="." index="3"]

transform = Transform( 0.422234, 0, 0, 0, 1.09499, 0, 0, 0, 0.422234, 0, 3.85397, 0 )
layers = 1
material_override = null
cast_shadow = 1
extra_cull_margin = 0.0
use_in_baked_light = false
lod_min_distance = 0.0
lod_min_hysteresis = 0.0
lod_max_distance = 0.0
lod_max_hysteresis = 0.0
mesh = SubResource( 4 )
skeleton = NodePath("..")
material/0 = null
_sections_unfolded = [ "material" ]

[node name="MeshInstance4" type="MeshInstance" parent="." index="4"]

transform = Transform( 1.60914, 0, 0, 0, 0.0853835, 0, 0, 0, 0.0774892, 0, 3.49971, 0 )
layers = 1
material_override = null
cast_shadow = 1
extra_cull_margin = 0.0
use_in_baked_light = false
lod_min_distance = 0.0
lod_min_hysteresis = 0.0
lod_max_distance = 0.0
lod_max_hysteresis = 0.0
mesh = SubResource( 2 )
skeleton = NodePath("..")
material/0 = SubResource( 3 )
_sections_unfolded = [ "material" ]

[node name="MeshInstance6" type="MeshInstance" parent="." index="5"]

transform = Transform( 1.13783, 0, 0.0547931, 0, 0.0853835, 0, -1.13783, 0, 0.0547931, 0, 3.49971, 0 )
layers = 1
material_override = null
cast_shadow = 1
extra_cull_margin = 0.0
use_in_baked_light = false
lod_min_distance = 0.0
lod_min_hysteresis = 0.0
lod_max_distance = 0.0
lod_max_hysteresis = 0.0
mesh = SubResource( 2 )
skeleton = NodePath("..")
material/0 = SubResource( 3 )
_sections_unfolded = [ "material" ]

[node name="MeshInstance5" type="MeshInstance" parent="." index="6"]

transform = Transform( -7.03376e-08, 0, 0.0774892, 0, 0.0853835, 0, -1.60914, 0, -3.38716e-09, 0, 3.49971, 0 )
layers = 1
material_override = null
cast_shadow = 1
extra_cull_margin = 0.0
use_in_baked_light = false
lod_min_distance = 0.0
lod_min_hysteresis = 0.0
lod_max_distance = 0.0
lod_max_hysteresis = 0.0
mesh = SubResource( 2 )
skeleton = NodePath("..")
material/0 = SubResource( 3 )
_sections_unfolded = [ "material" ]

[node name="MeshInstance7" type="MeshInstance" parent="." index="7"]

transform = Transform( -1.13783, 0, 0.0547931, 0, 0.0853835, 0, -1.13783, 0, -0.0547931, 0, 3.49971, 0 )
layers = 1
material_override = null
cast_shadow = 1
extra_cull_margin = 0.0
use_in_baked_light = false
lod_min_distance = 0.0
lod_min_hysteresis = 0.0
lod_max_distance = 0.0
lod_max_hysteresis = 0.0
mesh = SubResource( 2 )
skeleton = NodePath("..")
material/0 = SubResource( 3 )
_sections_unfolded = [ "material" ]

[node name="OmniLight" type="OmniLight" parent="." index="8"]

transform = Transform( 1, 0, 0, 0, 1, 0, 0, 0, 1, -9.96204, 15.2388, 3.88545 )
layers = 1
light_color = Color( 1, 1, 1, 1 )
light_energy = 1.0
light_indirect_energy = 1.0
light_negative = false
light_specular = 0.5
light_bake_mode = 1
light_cull_mask = -1
shadow_enabled = true
shadow_color = Color( 0, 0, 0, 1 )
shadow_bias = 0.15
shadow_contact = 0.0
shadow_reverse_cull_face = false
editor_only = false
omni_range = 37.9085
omni_attenuation = 1.0
omni_shadow_mode = 1
omni_shadow_detail = 1
_sections_unfolded = [ "Shadow" ]

[node name="Camera" type="Camera" parent="." index="9"]

transform = Transform( 0.619826, -0.601145, 0.504421, 0, 0.642788, 0.766044, -0.784739, -0.474814, 0.398416, 4.292, 8.44801, 3.13312 )
keep_aspect = 1
cull_mask = 1048575
environment = null
h_offset = 0.0
v_offset = 0.0
doppler_tracking = 0
projection = 0
current = false
fov = 70.0
size = 1.0
near = 0.05
far = 100.0
_sections_unfolded = [ "Transform" ]


